@article{PhysRevLett.99.120601,
  title     = {Tensor Renormalization Group Approach to Two-Dimensional Classical Lattice Models},
  author    = {Levin, Michael and Nave, Cody P.},
  journal   = {Phys. Rev. Lett.},
  volume    = {99},
  issue     = {12},
  pages     = {120601},
  numpages  = {4},
  year      = {2007},
  month     = {Sep},
  publisher = {American Physical Society},
  doi       = {10.1103/PhysRevLett.99.120601},
  url       = {https://link.aps.org/doi/10.1103/PhysRevLett.99.120601}
}
